@inproceedings{islam2012capacity,
  title={Capacity-optimal relay and base station placement in wireless networks},
  author={Islam, Md Habibul and Dziong, Zbigniew and Sohraby, Kazem and Daneshmand, Mahmoud F and Jana, Rittwik},
  booktitle={Information Networking (ICOIN), 2012 International Conf. on},
  pages={358--363},
  year={2012},
  organization={IEEE}
}

@inproceedings{yangyang2004particle,
  title={Particle swarm optimization for base station placement in mobile communication},
  author={Yangyang, Zhang and Chunlin, JI and Ping, Yuan and Manlin, LI and Chaojin, Wang and Guangxing, Wang},
  booktitle={Networking, Sensing and Control, 2004 IEEE International Conf. on},
  volume={1},
  pages={428--432},
  year={2004},
  organization={IEEE}
}

@article{akkaya2007positioning,
  title={Positioning of base stations in wireless sensor networks},
  author={Akkaya, Kemal and Younis, Mohamed and Youssef, Waleed},
  journal={IEEE Commun. Mag.},
  volume={45},
  number={4},
  year={2007},
  publisher={IEEE}
}

@article{glasser2005complexity,
  title={The complexity of base station positioning in cellular networks},
  author={Gla{\ss}er, Christian and Reith, Steffen and Vollmer, Heribert},
  journal={Discrete Applied Mathematics},
  volume={148},
  number={1},
  pages={1--12},
  year={2005},
  publisher={Elsevier}
}

@article{mathar2001optimal,
  title={Optimal base station positioning and channel assignment for {3G} mobile networks by integer programming},
  author={Mathar, Rudolf and Schmeink, Michael},
  journal={Annals of Operations Research},
  volume={107},
  number={1-4},
  pages={225--236},
  year={2001},
  publisher={Springer}
}

@inproceedings{bogdanov2004power,
  title={Power-aware base station positioning for sensor networks},
  author={Bogdanov, Andrej and Maneva, Elitza and Riesenfeld, Samantha},
  booktitle={INFOCOM 2004. Twenty-third Annual Joint Conf. of the IEEE Computer and Communications Societies},
  volume={1},
  year={2004},
  organization={IEEE}
}

@article{choi2009least,
  title={Least squares one-class support vector machine},
  author={Choi, Young-Sik},
  journal={Pattern Recognition Letters},
  volume={30},
  number={13},
  pages={1236--1240},
  year={2009},
  publisher={Elsevier}
}

@article{tian2015robust,
  title={Robust indoor localization and tracking using {GSM} fingerprints},
  author={Tian, Ye and Denby, Bruce and Ahriz, Iness and Roussel, Pierre and Dreyfus, G{\'e}rard},
  journal={EURASIP Journal on Wireless Commun. and Networking},
  volume={2015},
  number={1},
  pages={157},
  year={2015},
  publisher={Nature Publishing Group}
}

@inproceedings{pei2014channel,
  title={Channel-based physical layer authentication},
  author={Pei, Chengcheng and Zhang, Ning and Shen, Xuemin Sherman and Mark, Jon W},
  booktitle={Global Communications Conference (GLOBECOM), 2014 IEEE},
  pages={4114--4119},
  year={2014},
  organization={IEEE}
}

@article{Scholkopf2001estimating,
	title={Estimating the support of a high-dimensional distribution},
	author={Sch{\"o}lkopf, Bernhard and Platt, John C and Shawe-Taylor, John and Smola, Alex J and Williamson, Robert C},
	journal={Neural computation},
	volume={13},
	number={7},
	pages={1443--1471},
	year={2001},
	publisher={MIT Press}
}

@book{Bishop2006,
archivePrefix = {arXiv},
arxivId = {0-387-31073-8},
author = {Bishop, Christopher M.},
booktitle = {Springer},
title = {{Pattern Recognition And Machine Learning}},
year = {2006}
}

@article{Wang-16,
author = {Wang, Xianbin and Hao, Peng and Hanzo, Lajos},
doi = {10.1109/MCOM.2016.7498103},
issn = {01636804},
journal = {IEEE Commun. Mag.},
title = {{Physical-layer authentication for wireless security enhancement: Current challenges and future developments}},
year = {2016}
}

@article{hanley-82,
  title={The meaning and use of the area under a receiver operating characteristic ({ROC}) curve.},
  author={Hanley, James A and McNeil, Barbara J},
  journal={Radiology},
  volume={143},
  number={1},
  pages={29--36},
  year={1982}
}

@article{Hinton-2006,
  title={Reducing the dimensionality of data with neural networks},
  author={Hinton, Geoffrey E and Salakhutdinov, Ruslan R},
  journal={science},
  volume={313},
  number={5786},
  pages={504--507},
  year={2006},
  publisher={American Association for the Advancement of Science}
}

@article{Suykens1999,
journal = {Neural Processing Letters},
pages = {293--300},
title = {{Least Squares Support Vector Machine Classifiers}},
volume = {9},
year = {1999}
}

@article{Yevs,
author = {Ye, Jieping and Xiong, Tao},
file = {::},
title = {{SVM versus Least Squares SVM}},
url = {http://proceedings.mlr.press/v2/ye07a/ye07a.pdf}
}



@article{Baracca-12,
  title={Physical layer authentication over {MIMO} fading wiretap channels},
  author={Baracca, Paolo and Laurenti, Nicola and Tomasin, Stefano},
  journal={IEEE Trans. on Wireless Commun.},
  volume={11},
  number={7},
  pages={2564--2573},
  year={2012}
}

@article{Xiao-09,
  title={Channel-based spoofing detection in frequency-selective Rayleigh channels},
  author={Xiao, Liang and Greenstein, Larry J and Mandayam, Narayan B and Trappe, Wade},
  journal={IEEE Trans. on Wireless Commun.},
  volume={8},
  number={12},
  year={2009}
}

@inproceedings{Pan-17,
  title={Physical layer authentication based on channel information and machine learning},
  author={Pan, Fei and Wen, Hong and Liao, Runfa and Jiang, Yixin and Xu, Aidong and Ouyang, Kai and Zhu, Xiping},
  booktitle={Proc. of Communications and Network Security (CNS), 2017 IEEE Conference on},
  pages={364--365},
  year={2017}
}

@article{Wang-17,
  title={Physical-layer authentication based on extreme learning machine},
  author={Wang, Ning and Jiang, Ting and Lv, Shichao and Xiao, Liang},
  journal={IEEE Commun. Letters},
  volume={21},
  number={7},
  pages={1557--1560},
  year={2017}
}

@book{Cover-book,
  title={Elements of information theory},
  author={Cover, Thomas M and Thomas, Joy A},
  year={2012},
  publisher={John Wiley \& Sons}
}

@incollection{Kennedy-11,
  title={Particle swarm optimization},
  author={Kennedy, James},
  booktitle={Encyclopedia of machine learning},
  pages={760--766},
  year={2011},
  publisher={Springer}
}

@article{Ruck-90,
  title={The multilayer perceptron as an approximation to a Bayes optimal discriminant function},
  author={Ruck, Dennis W and Rogers, Steven K and Kabrisky, Matthew and Oxley, Mark E and Suter, Bruce W},
  journal={IEEE Trans. on Neural Networks},
  volume={1},
  number={4},
  pages={296--298},
  year={1990}
}
@article{Bourlard-88,
title={Auto-Association by Multilayer Perceptrons and Singular value Decomposition},
author={Bourlard, H. and Kamp, Y. },
journal={Biological Cybernetics},
volume={59},
pages={291-294},
year={1988},
publisher={Springer-Verlang}
}

@misc{valdimir1995nature,
  title={The nature of statistical learning theory},
  author={Valdimir, VN and Vapnik, N},
  year={1995},
  publisher={Springer}
}

@article{xiao-2018,
  title={{PHY}-layer authentication with multiple landmarks with reduced overhead},
  author={Xiao, Liang and Wan, Xiaoyue and Han, Zhu},
  journal={IEEE Trans. on Wireless Commun.},
  volume={17},
  number={3},
  pages={1676--1687},
  year={2018}
}

@article{hecht-95,
  title={Replicator neural networks for universal optimal source coding},
  author={Hecht-Nielsen, Robert},
  journal={Science},
  volume={269},
  number={5232},
  pages={1860--1863},
  year={1995},
  publisher={American Association for the Advancement of Science}
}

@article{bengio-12,
  author    = {Yoshua Bengio},
  title     = {Practical recommendations for gradient-based training of deep architectures},
  journal   = {CoRR},
  volume    = {abs/1206.5533},
  year      = {2012},
  url       = {http://arxiv.org/abs/1206.5533},
  archivePrefix = {arXiv},
}

@techreport{3gpp,
type = {TR 36.942 version 15.0.0 Release 15},
year = {Jul 2018},
title = {{LTE};
Evolved Universal Terrestrial Radio Access ({E}-{UTRA});
Radio Frequency ({RF}) system scenarios},
institution = {3GPP}
}

@ARTICLE{7903611,
author={L. Chen and S. Thombre and K. Järvinen and E. S. Lohan and A. Alén-Savikko and H. Leppäkoski and M. Z. H. Bhuiyan and S. Bu-Pasha and G. N. Ferrara and S. Honkala and J. Lindqvist and L. Ruotsalainen and P. Korpisaari and H. Kuusniemi},
journal={IEEE Access},
title={Robustness, Security and Privacy in Location-Based Services for Future {IoT}: A Survey},
year={2017},
volume={5},
pages={8956-8977},
month={},}


@INPROCEEDINGS{quaglia,
author={E. A. Quaglia and S. Tomasin},
booktitle={2016 IEEE 17th International Workshop on Signal Processing Advances in Wireless Commun. (SPAWC)},
title={Geo-specific encryption through implicitly authenticated location for {5G} wireless systems},
year={2016},
volume={},
number={},
pages={1-6},
month={July},}
    
@article{Zeng-survey,
title={Secure localization and location verification in wireless sensor networks: a survey},
  author={Zeng, Yingpei and Cao, Jiannong and Hong, Jue and Zhang, Shigeng and Xie, Li},
  journal={The Journal of Supercomputing},
  volume={64},
  number={3},
  pages={685--701},
  year={2013},
  publisher={Springer}
}

@INPROCEEDINGS{8376254,
author={G. Caparra and M. Centenaro and N. Laurenti and S. Tomasin},
booktitle={2017 International Conf. on Localization and GNSS (ICL-GNSS)},
title={Optimization of anchor nodes' usage for location verification systems},
year={2017},
pages={1-6},
month={June}
}

@ARTICLE{Vora,
author={A. Vora and M. Nesterenko},
journal={IEEE Trans. on Dependable and Secure Computing},
title={Secure Location Verification Using Radio Broadcast},
year={2006},
volume={3},
number={4},
pages={377-385},
month={Oct}
}

@inproceedings{Brands,
  title={Distance-bounding protocols},
  author={Brands, Stefan and Chaum, David},
  booktitle={Workshop on the Theory and Application of of Cryptographic Techniques},
  pages={344--359},
  year={1993},
  organization={Springer}
}

@inproceedings{Sastry,
  title={Secure verification of location claims},
  author={Sastry, Naveen and Shankar, Umesh and Wagner, David},
  booktitle={Proc. of the 2nd ACM workshop on Wireless security},
  pages={1--10},
  year={2003},
  organization={ACM}
}


@ARTICLE{7145434,
author={A. Abdou and A. Matrawy and P. C. van Oorschot},
journal={IEEE Trans. on Dependable and Secure Computing},
title={{CPV}: Delay-Based Location Verification for the Internet},
year={2017},
volume={14},
number={2},
pages={130-144},
month={March}
}

@article {Neyman289,
	author = {J. Neyman and E. S. Pearson},
	title = {{IX}. On the problem of the most efficient tests of statistical hypotheses},
	volume = {231},
	number = {694-706},
	pages = {289--337},
	year = {1933},
	journal = {Philosophical Trans. of the Royal Society of London A: Mathematical, Physical and Engineering Sciences}
}

@ARTICLE{7270404,
author={E. Jorswieck and S. Tomasin and A. Sezgin},
journal={Proc. of the IEEE},
title={Broadcasting Into the Uncertainty: Authentication and Confidentiality by Physical-Layer Processing},
year={2015},
volume={103},
number={10},
pages={1702-1724},
month={Oct},}

@ARTICLE{Tomasin-Ferrante,
author={A. Ferrante and N. Laurenti and C. Masiero and M. Pavon and S. Tomasin},
journal={IEEE Trans. on Information Forensics and Security},
title={On the Error Region for Channel Estimation-Based Physical Layer Authentication Over Rayleigh Fading},
year={2015},
volume={10},
number={5},
pages={941-952},
month={May},}

@article{clerc2002,
  title={The particle swarm-explosion, stability, and convergence in a multidimensional complex space},
  author={M. Clerc and J. Kennedy},
  journal={IEEE Trans. on Evolutionary Computation},
  volume={6},
  number={1},
  pages={58--73},
  year={2002}
}